@online{Jacobs,
	title = {Jacobs Wind Electric},
	date = {14/03/2019},
	url = {http://www.jacobswind.net/},
}
