Automatically generated by Mendeley Desktop 1.19.3
Any changes to this file will be lost if it is regenerated by Mendeley.

BibTeX export options can be customized via Options -> BibTeX in Mendeley Desktop

@electronic{Jacobs,
keywords = {Electric,Green,Jacobs,Marcellus,Renewable,Wind},
title = {{Jacobs Wind Electric}},
howpublished = {[Online] Retrieved from \url{http://www.jacobswind.net/} [Acccessed: 14/03/2019]}
}

@electronic{Parris,
	title = {{Wind Charger}},
	howpublished = {[Online] Retrieved from \url{http://www.windcharger.org/Wind_Charger/Parris-Dunn_Corp..html} [Acccessed: 14/03/2019]}
}

@electronic{Bornay,
	title = {Bornay},
	howpublished = {[Online] Retrieved from \url{https://www.bornay.com/es} [Acccessed: 14/03/2019]}
}





@book{Sanz,
address = {Madrid},
author = {Sanz, Be{\~{n}}at and {Ignacio Cruz}, Jos{\'{e}} and {Javier Espa{\~{n}}a}, Francisco and Solanilla, Pau and Ponce, Alvaro and Garc{\'{i}}a, Alvaro},
pages = {118},
publisher = {Fenercom, Comunidad de Madrid},
title = {{Gu{\'{i}}a sobre Tecnolog{\'{i}}a Minie{\'{o}}lica}},
year = {2012}
}

@book{IEC,
	title =     {{Wind turbines – Part 2: Small wind turbines}},
	isbn =      {978-2-8322-1 284-4},
	publisher =    {International Electrotechnical Commission 61400-2:2016},


}

@book{PER,
	address = {Madrid},
	publisher = {Instituto Para la Diversificación y Ahorro de la Energía},
	title = {{Plan de Energías Renovables}},
	year = {2011}
}

@book{Handbook,
	address = {Chichester},
	author = {Burton, Tony and Jenkins, Nick and Sharpe, David and Bossanyi, Ervin},
	publisher = {Wiley},
	title = {{Wind Energy Handbook}},
	year = {2011}
}

@book{DesignControl,
	author = {Ghani Aissaoui, Abdel and Tahour, Ahmed},
	publisher = {IntechOpen},
	title = {{Wind Turbines: Design, Control and Applications}},
	year = {2016}
}

@electronic{Enair,
	title = {Enair},
	howpublished = {[Online] Retrieved from \url{https://www.enair.es/} [Acccessed: 25/03/2019]}
}

@electronic{SD_Wind_E,
	title = {{SD Wind Energy}},
	howpublished = {[Online] Retrieved from \url{https://sd-windenergy.com/} [Acccessed: 25/03/2019]}
}

@electronic{Smarttwister,
	title = {Smarttwister},
	howpublished = {[Online] Retrieved from \url{http://www.smarttwister.org/} [Acccessed: 25/03/2019]}
}

@electronic{Aeolos,
	  execute ={\raggedright},
	title = {Aeolos},
	howpublished = {[Online] Retrieved from \url{http://www.windturbinestar.com/} [Acccessed: 25/03/2019]}
}

@electronic{Bergey,
	title = {Bergey},
	howpublished = {[Online] Retrieved from \url{http://bergey.com/} [Acccessed: 25/03/2019]}
}

@electronic{AutoMaxx,
	title = {Automaxx},
	howpublished = {[Online] Retrieved from \url{https://autowindmill.weebly.com/windmill.html} [Acccessed: 25/03/2019]}
}

@electronic{MarsRock,
	title = {MarsRock 400W Economy Windmill sale web page},
	howpublished = {[Online] Retrieved from \url{https://www.amazon.com/MarsRock-Turbine-Generator-Economy-Windmill/dp/B077GS8Q4Z?psc=1&SubscriptionId=AKIAI3ZSW3WBYDZI6IPQ&tag=semprius-20&linkCode=xm2&camp=2025&creative=165953&creativeASIN=B077GS8Q4Z
	} [Acccessed: 25/03/2019]}
}

@book{Apunts,
	author = {Sanz Cano, Francesc Xavier},
	title = {{Wind Turbines Design}},
	publisher ="Escola Superior d'Enginyeries Industrial, Aeroespacial i Audiovisual de Terrassa, Universitat Politècnica de Catalunya",
	address = "[Class Lecture] Terrassa",
	year = {2018}
}

@article{DAWT,
	author = "Oyha, Y and Karasudani, T",
	title = "A shrouded wind tubine generating high output power",
	journal = "Energies",
	year = "2012",
	number = "4",
	pages = "634-649",
	
	}

@electronic{Dromstorre,
	title = {Dromstorre},
	howpublished = {[Online] Retrieved from \url{http://dromstore.dk} [Acccessed: 02/04/2019]}
}

@book{Wood,
	address = {London},
	author = {Wood, David},
	publisher = {Springer},
	title = {{Small Wind Turbines: Analysis, Design and Application}},
	year = {2011}
}

@electronic{Airfoiltools,
	title = {Airfoil tools},
	howpublished = {[Online] Retrieved from \url{https://www.airfoiltools.com} [Acccessed: 03/05/2019]}
}

@electronic{UIUC,
	title = {University of {I}llinois in {U}rbana {C}hampaign ({UIUC}) Airfoil Coordinates Database},
	howpublished = {[Online] Retrieved from \url{https://m-selig.ae.illinois.edu/ads/coord_database.html} [Acccessed: 03/05/2019]}
}

@article{shah2012low,
	title={{Low Reynolds number airfoil for small horizontal axis wind turbine blades}},
	author={Shah, H and Bhattarai, N and Lim, CM and Mathew, S},
	journal={Sustainable future energy},
	year={2012}
}


@article{fuentes2016airfoil,
	title={Airfoil Selection Methodology for Small Wind Turbines},
	author={Fuentes, Valentin Salgado and Troya, Cesar and Moreno, Gustavo and Molina, Jaime},
	journal={International Journal of Renewable Energy Research},
	volume={6},
	number={4},
	pages={1410--1415},
	year={2016},
	publisher={International Journal of Renewable Energy Research}
}


@electronic{XFOIL,
	title = {{XFOIL 6.9 Documentation}},
	howpublished = {[Online] Retrieved from \url{http://web.mit.edu/drela/Public/web/xfoil/xfoil_doc.txt} [Acccessed: 15/05/2019]}
}
